1111111111111111111111111111111111111111111111111111111111111111111111111111111111111111111111111111111008800002222222222222222222222222222222222222222122222222222221113333333333333333333333333333333333333340000000000000
1111111111111111111111111111111111111111111111111111111111111111111111111111111111111111111111111111111000000002222222222222222222222222222222222222222122222222222221113333333333333333333333333333333333333330000000000000
1111111111111151111111111111111111111111111111111111111111111111111111111111111111111111111111111111111000000022222222222222222222222222222222222222222122222222222221113333333333333333333333333333333333333333300000000000
1111111111551151115551115555115511111111111111111111111111111111111111111111111111111111111111111111111000002222222222222222222222222222222222222222222122222222222221113333333333333333333333333333333333333333300000000000
1111111111555151115151111151115111111111111111111111111111111111111111111111111111111111111111111111111000000222222222222222222222222222222222222222222122222222222221113333333333333333333333333333333333333333334000000000
1111111111515151155555111151115511111111111111111111111111111111111111111111111111111111111111111111111000002222222222222222222222222222222222222222222122222222222221113333333333333333333333333333333333333333330300000000
1111111111515551151115111151115111111111111111111111111111111111111111111111111111111111111111111111111000022222222222222222222222222222222222222222222122222222222221113333333333333333333333333333333333333333333030000000
1111111111511151151115111151115551111111111111111111111111111111111111111111111111111111111111111111111200222222222222222222222222222222222222222222222122222222222221113333333333333333333333333333333333333333333300000000
1111111111111111111111111111111111111111111111111111111111111111111111111111111111111111111111111111111112111111111111111111111111111111111111111111111122222222222221113333333333333333333333333333333333333333333333000000
1111111111111111111111111111111111111111111111111111111111111111111111111111111111111111111111111111111110111111111111111111111111111111111111111111111122222222222221113333333333333333333333333333333333333333333333000000
0000000000000000000000000000000000000000000000000000000000000000000000000000000000000000000000000000000002000111111111111111100000000000000000000000000022222222222221113333333333333333333333333333333333333333333333300000
0000000000000000000000000000000000000000000000000000000000000000000000000000000000000000000000000000000002221111111111111111111000000000000000000000000222222222222211113333333333333333333333333333333333333333333333330000
0000000000000000000000000000000000000000000000000000000000000000000000000000000000000000008000000000000022211111111111111111111100000000000000000000002222222222222113333333333333333333333333333333333333333333333333330000
0000000000000000000000000000000000000000000000000000000000000000000000000000000000000000080000000000000222111111444444444441111110000000000000000000022222222222221433113333333333333333333333333333333333333333333333333330
0000000000000000000000000000000000000000000000000000000000000000000000000000000000000000000000000000000221111144444444444444115111000000002200000000222222222222211311113333333333333333333333333333333333333333333333333330
0000000000000000000000000000000000000000000000000000000000000000000000000000000000000000000000000000022211114444444444444444415511100000022220000002222222222222213311113333333333333333333333333333333333333333333333333333
0000000000000000000000000000000000000000000000000000000000000000000000000000000000000000000000000000022111144444444444444444415551110000222222000111111112222222213111113333333333333333333333333333333333333333333333333333
3000000000000000000000000000000000000000000000000000000000000000000000000000000000000000000000000000021111444444411111444444411555110002222222221100000012222222113110013333333333333333333333333333333333333333333333333333
3300000000000000000000000000000000000000000000000000000000000000000000000000000000000000800000000000011111444444415551444444411555511222222222221000000012222222113333313333333333333333333333333333333333333333333333333333
3330000000000000000000000000000000000000000000000000000000000000000000000000000000000000000000000002111114444444415551444444411155511222222222221000111012222221111113313333333333333333333333333333333333333333333333333333
3333300000000000000000000000000000000000000000000000000000000000000000000000000000000000000000000021111144444444415551444444441155551112222222221000101012222221111113313333333333333333333333333333333333333333333333333333
3333300000000000000000000000000000000000000000000000000000000000000000000000000000000000080000000211111444444444411111444444441155555112222222221000101012222221333333313333333333333333333333333333333333333333333333333333
3333030000000000000000000000000000000000000000000000000000000000000000000000000000000000000000000111114444444444444444444444441155555111222222221001101011222211311111113333333333333333333333333333333333333333333333333333
3333333000000000000000000000000000000000000000000000000000000000000000000000000000000000000000001111144444444444444444444444441155555511222222221001001001222111333334113333333333333333333333333333333333333333333333333333
3333330000000000000000000000000000000000000000000000000000000000000000000000000000000000080000000001144444444444444444444444441555555511222222221001001001222111111113113333333333333333333333333333333333333333333333333333
3333330303000000000000000000000000000000000000000000000000000000000000000000000000000000000000022001144444444444444444444444441555555551122222221001001001221111111113113333333333333333333333333333333333333333333333333333
3333333300000000000000000000000000000011111111111111111111111111111111111100000000000000000000222201144444444444444444444444411555555551122222221001001001221111333333113333333333333333333333333333333333333333333333333333
3333333333300000000000000000000000000010000000000000000100000000000000001100000000000000000002222221144444444444444444444444115555555551122222221001001001221113333333113333333333333333333333333333333333333333333333333333
3333333333003000000000000000000000000010000000000000000100000000000000001100000000000000000002222221144444444444444444444441155555555551112111111001111001211113111131113333333333333333333333333333333333333333333333333333
3333333333330000000000000000000000000010000000000000000100000000000000001100000000000000000002222221144444444444444444444411555555555551112100000000011001211133111131113333333333333333333333333333333333333333333333333333
3333333333330000000000000000000000000010000000000000000100000000000000001100000000000000000022222221144444444444444444444115555555555551111100000000011001211131133331113333333333333333333333333333333333333333333333333333
3333333333330000000000000000000000000010000000000000000100000000000000001100000000000000000222222221144444444444444444441155555555555551111100000000011001211331131111113333333333333333333333333333333333333333333333333333
3333333333333300000000000000000000000010000000000000000100000000000000001100000000002100002212222221144444444444441111111155555555555551111150055500011001111311131111113333333333333333333333333333333333333333333333333333
3333333333333333000000000000000000000010000000000000000100000000000000001100000000022100222112222221144444444444411555555555555555555551111155505555011000113311133333313333333333333333333333333333333333333333333333333333
3333333333333330000000000000000000000010000000000000000100000000000000001100000000222112221112222221144444444411115555555555555555555555111155555555511000113111111111313333333333333333333333333333333333333333333333333333
3333333333333330000000000000000000000010000000000000001210000000000000001100000002222011281122222221144444444115555555555555555555555555111111155115511000133111111111313333333333333333333333333333333333333333333333333333
3333333333333333300000000000000000000010000000000000001910000000000000001100000022222201121222222221144444444155555555555555555555555555111000111111111333331111111111313333333333333333333333333333333333333333333333333333
3333333333333333330000000000000000000010000000000000000200000000000000001100000222222221121222222221144444441155555555555555555555555555111000011111133333333111111113313333333333333333333333333333333333333333333333333333
3333333333333333303000000000000000000010000000000000002200000000000000001100002222222221181222222221144444441555555555555555555555555551111000013333333333333331333333313333333333333333333333333333333333333333333333333333
3333333333333333333333000000000000000010000000000000022000000000000000001100022222222221801222222220114444441555555551111555555555555551111000113333333333333331331111113333333333333333333333333333333333333333333333333333
3333333333333333333303000000000000000010000000000002222200000000000000001100222222222221001122222222114444441555555551441555555555555551111000133333333333333331131111113333333333333333333333333333333333333333333333333333
3333333333333333333330300000000000000010000000000022222200000000000000001102222222222211000122222222114444441555555551441555555555555511111000133333333333333333133333313333333333333333333333333333333333333333333333333333
3333333333333333333330000000000000000010000000000222222200220000000000001122222222222215050112222222011444441555555551441555555555555511110000133333333333333333111111313333333333333333333333333333333333333333333333333333
3333333333333333333333333000000000000010000000002222222222222000000000001122222222222115555112222222201144441555555551111555555555555111100000133333333333333333113333313333333333333333333333333333333333333333333333333333
3333333333333333333333333000000000000010000000022222222200222200000000001122222222222155555511222222221114441155555555555555555555551111000000113333333333333333113111112333333333333333333333333333333333333333333333333333
3333333333333333333333330000000000000011000000222222222222222220000000011122222222221555555511122222220111144115555555555555555555551111000000011333333333333333133111112333333333333333333333333333333333333333333333333333
3333333333333333333333333300000000000011100002222222222022222222200000111122222222211555555551122222222111114115555555555555555555111100000000001111133333333311131111112333333333333333333333333333333333333333333333333333
3333333333333333333333333033000000000011110022222222222220222222220001111122222222115555555555112222222001111111155555555555555511111111111111111111111113111111133331111111111111111111111111111111111111111111111111111111
3333333333333333333333333300000000000011111222222222222222222222222011111112222222111111111111112222222200011111111111111111111111111111111111111334343333111111111131111111111111111111111111111111111111111111111111111111
1133333333333333333333333333300000000001111122222222222222222222222111111111111111111111111111111111111111111111111111111111111111111111111111113331111111111111111131111110000000000000000000000000000000000000000000001111
1111333333333333333333333333333000000000011112222222222222222222221111111111111111111111111111111111111111111111111111111111111111111111111111133111111111111111111131111110000000000000000000000000000000000000000000000111
1111133333333333333333333333333000000000001111222222222222222222211111111111111111111111111111111111111111111111111111111111111111111111111111331111111111111111113333111110000000000000000000000000000000000000000000000011
1111111111111111111111111133333000000000000111122222222222222222111110001111111111144444444443444444443444444343333333344343333434343343433433311111111111111111133333311110000000000000000000000000000000000000000000000001
1111111111111111111111111111333300000000000011112222222222222221111000001111111444434444311111111111111111111111111111111111111111111111111111111111111111111111133333333100000000000000000000000000000000000000000000000001
1111111111111111111111111111133333000000000001111222222022222211110000001111114411111111111111111111111111111111111111111111111111111111111111111111111000011111133333333100000000000000000000000000000000000000000000000000
1111111111111111111111111111113333000000000000111122222222222111100000001111114111111111111111111111111111111111111111111111115511111111110001111100011001011111333333333100000000000000000000000000000000000000000000000000
0000000000000114401100000011113303300000000000011112222222221111000000001111114444444444444444110441114111112111111551115051115551112222110001111101011001001111333333333100000000000000000000000000000000000000000000000000
0000000000000011411000000001111333330000000000001111220222211110000000011111111144434444444444114441414111112111111551115111515151111111110101111101011001101111333333333100000000000000000000000000000000000000000000000000
0000000000000001910000000000111133300000000000000111122202111100000000011111111111111111111114114441414111222221115555115111515551112222110101111100011001101111333333333100000000000000000000000000000000000000000000000000
0000000000000004404400440400011113303000000000000011112221111000000000001111111111111114444444114441414411112111155115515551515511111111110000111001001001101113333333333100000000000000000000000000000000000000000000000000
0000000000044444444444444444441111330300000000000001112221110000000000001111111111114444111111111111911111112111111111111111911111111111110110111011101000001113333333333100000000000000000000000000000000000000000000000000
0004040444444444444444444444444111133330000000000000112021100000000000001111111111114111111111111111411111111111111111111111511111111111110000111111111000011113333333333100000000000000000000000000000000000000000000000000
4044444444444444444444444444444411113333000000000000011211000000000000001444444444444444444444444444444444440111155555555555555555555111111111111111111111111111111111111100000000000000000000000000000000000000000000000040
4444444444444444444444444444444441111330000000000000000000000000000000001444444444444444444444444444444444444411555555555555555555551114444444444444444044444444444444444040000000000000000000000000000000000000000000000440
4444444444444444444444444444444444111133300000000000000200000000000000001444444444444444444444444444444444444411555555555555555555511114444444444444444444444444444444444444444044040000000000000000000000000000000004004444
4441114444444444444444444444444444411113333000000000000000000000000000001444444444444444444444444444444444444411555555555555555555111114444444444444444444444444444444444444444444444444400000000000000000000000040404444441
1111111444444444444444444444444444441111333300000000000000000000000000001444444444444444444444444444444444444411555555555555555551111114444444444444444444444444444444444444444444444444444400000000000000000044044444444411
11111111444444444444444444444444444441111330000000000000000000000000000014444444444444444444444444444444444444115555555555555555111111144444444444444444444444444444444444444444444444444444444440000010000044044444444444111
1111111114444444444444444444444444444411113300000000000200800000000000001344344333433434333334444443444344444411555555555555555111111114444444444444444444444444444444444444444444444444444444444440400404404444444444411111
1111111111111111114111111111111111111444111333000000000000000000000000001333333333333333333333333333333333333311555555555555551111111114444444444444444444444444444444444444444444444444444444444444444444444444444441111111
1111111111111111114444444111111111111114411130000000000000000000000000001333333333333333333333333333333333333311111111111111111111111114444444444444444444444444444444444444444444444444444444444444444444444444444111111111
1111111111111111111111114111111111111111441113000000000008000000000000001333333333333333333333333333333333333311111111111111111111111114444444444444444444444444444444444444444444444444444444444444444444444444111111111111
1111111111111111111111144111111111111111111111000000000200000000000000001333333333333333333333333333333333333311111111111114044444444444444444444444444444444444444444444444444444444444444444444444444444444444111111111111
0000000000000111144444441100000000000000000000000000000000000000000000001333333333333333333333333333333333333311404400444444111111111111111111111111111111111111111111111111111111111111111111111111111111111111111111111111
0000000000000111144444441100000000000000000000300000000000000000000000001333333333333333333333333333333333333311411111111111111111111111111111111111111111111111111111111111111111111111111111111111111111111111111111111111
0000000000000111144444411100000000000000000000000000000000000000000000001333333333333333333333333333333333333311444404040001100000000000000000000000000000000000000000000000000000000000000000000000000000000000000000000000
0000000000000111444444111100000000000000000000000000002000000000000000001333333333333333333333333333333333333311111111114140110000000000000000000000000000000000000000000000000000000000000000000000000000000000000000000000
0000000000000111444441111000000000000000000000330000000000000000000000001333333333333333333333333333333333333311444444444441100000000000000000000000000000000000000000000000000000000000000000000000000000000000000000000000
0000000000001114444411110000000000000000000000000000000000000000000000001333333333333333333333333333333333333311411111111111100000000000000000000000000000000000000000000000000000000000000000000000000000000000000000000000
0000000000001114444111000000000000000000000000000000020000000000000000001333333333333333333333333333333333333311440004000001100000000000000000000000000000000000000000000000000000000000000000000000000000000000000000000000
0000000000001144441100000000000000000000000000000000002000000000000000001333333333333333333333333333333333333311111111111101100000000000000000000000000000000000000000000000000000000000000000000000000000000000000000000000
00000000000011444110000000000000000000000000000000000000000000000000000013333333333333333333333333333333333333330300303030100110000000000000000000000000000000000000000000000000000000000000000000000000000000000000000000000
0000000000001144111000000000000000000000000000000000000000000000000000001111111111111111111111111111111111111111111111111101111111111000000000000000000000000000000000000000000000000000000000000000000000000000000000000000
0000000000001444100000000000000000000000000000300000000000000000000000000000000000000000000000000000111000000000000000000000000000111000000000000000000000000000000000000000000000000000000000000000000000000000000000000000
0000000000001441100000000000000000000000000000000000002200000000000000000000000000000000000000000000101100000000000000000000000001101000000000000000000000000000000000000000000000000000000000000000000000000000000000000000
0000000000001441100000000000000000000000000000000000000000000000000000000000000000000000000000000000100110000000000000000000000011001000000000000000000000000000000000000000000000000000000000000000000000000000000000000000
0000000000001441100000000000000000000000000000300000000000000000000000000000000000000000000000000000104411000000000000000000000110001000000000000000000000000000000000000000000000000000000000000000000000000000000000000000
0000000000011441100000000000000000000000000000000000000000000000000000000000000000000000000000000000144441100000000000000000001100001000000000000000000000000000000000000000000000000000000000000000000000000000000000000000
0000000000111441100000000000000000000000000000000002200000000000000000000000000000000000000000000000144444114404404000000000011330331000000000000000000000000000000000000000000000000000000000000000000000000000000000000000
0000000000114441100000000000000000000000000000030000020000000000000000000000000000000000000000000000144444411444444444444444113333331000000000000000000000000000000000000000000000000000000000000000000000000000000000000000
0000000011114411100000000000000000000000000000000000000000000000000000000000000000000000000000000000144444441144444444444441133333331000000101000000000000000000000000000000000000000000000000000000000000000000000000000000
0000000011114411100000000000000000000000000000000000000200000000000000000000000000000000000000000000144444444114444444444411333333331000000151000000000000000000000000000000000000000000000000000000000000000000000000000000
0000000011144411100000000000000000000000000000300000000000000000000000000000000000000000000000000000144444444411344344444113333333331000000151000000000000000000000000000000000000000000000000000000000000000000000000000000
0000000111144411100000000000000000000000000003000000000000000000000000000000000000000000000000000000144444444441133333331133333333331001111191111111000000000000000000000000000000000111111111111111111100000000000000000000
0000000111444111100000000000000000000000000000000000000000000000001111100000000000000000000000000000144444444444113333311333333333331001555555555551000000000000000000000000000001111111111111111111111111000000000000000000
0000000111444111100000000000000001111100000000000000000020000000011111000000000000000000000000000000144444444444411333113333333333331001555555555551000000000000000000000000000001111111111111111111111111100000000000000000
0000000114444111100000000000000000111110000000000000000008000000111110000000000000000000000000000000144444444444441333133333333333331551555555555551000000000000000000000000000111111111111111311111111111111000000000000000
0000000114441111100000000000000000011111000003300000002000000001111100000000000000000000000000000000144444444444411333111333333333331551555555555551000000000000000000000000011111111111111111911111111111011100000000000000
0000000114441111100000000000000000001111100000000000000020000001111000000000000000000000000000000000144444444444113333331133333333331551155555555511000000000000000000000000011100000030000033300000000000000110000000000000
0000000114411111100000000000000000000111100000300000220008000001110000000000000000000000000000000000144444444441133322333113333333331555155555555110000000000000000000000000113333333333333333333000000000000111000000000000
0000000114411111100000000000000000000011100000030001122000000001100000000000000000000000000000000000144444444411333222233311333333331555115555511100000000000000000000000001133333333333333333330330000000000011000000000000
0000000114411111100000000000000000000001100000000011122000000001100000000000000000000000000000000000144444444113322222223331133333331555511555510000000000000000000000000001133333333333333333333333030300000011100000000000
0000000114411111100000000000000000000001100000000010112200000001100000000000000000000000000000000000144444441133222222222333113333331555551155510005550000000000000000000001333333333333333333333330333303330301100000000000
0000000114411111100000000000000000000001100000000160012220000001100000000000000000000000000000000000144444411332222222222233311333331555555155515555550505550505000050000001333333333333333303333333333333333331100000000000
0000000114411111100000000000000000000001100000000100011220000001100000000000000000000000000000000000144444113322222222222223331133331111111555111111111111111111111111111111333333333333333033330333333333333331110000000000
0000000114411111100000000000000000000001100030321100801220000001100000000000000000000000000000000000144441133222222222222222333113331115555515555555555555555555555555555511333333333333333333333333330333333333110000000000
0000000114444441111100000000000000000001100000311000001120000001100000000000000000000000000000000000144411332222222222222222223311331111111511115551115511111115111115511111333333333333333333333333333333333333110000000000
0000000114444441111110000000000000000001100003211600000122000001100000000000000000000000000000000000144113322222222222222222222331131111111511155555111551111555111155551111333333333333333333333333333333333333110000000000
0000000111444444111111100000000000000001100030118000000110000001100000000000000000000000000000000000141133222222222222222222222233111111111511551115511155115511111551155111333333333333333333333333333333333333110000000000
0000000111144444441111110000000000000001100000166000000010000001100000000000000000000000000000000000111332222222222222222222222223311155555511511111511115555111111555555111333333333333333333333333333333333333110000000000
0000000111111444441111111000000000000001100000100060000008000001100000000000000000000000000000000000113322222222222222222222222222331111111111511111111111111111111511115111333333333333333303333333333333333333110000000000
0000001111111444444111111100000000000001100003000000000000000001100000000000000000000000000000000000111111111111111191111111111111111111555555555555555555555555555511115511333333333333333333333033333333333333110000000000
0000001114444444444411111100000000000001100030000000000000000001100000000000000000000000000000000000111111111111111121111111111111111111511111111111111111111111111111111111133333333333333333333333333333333333110000000000
0000011144444444444441111110000000000001100000006000000000000001100000000000000000000000000000000000111111111111111101111111111111111111555555555555555555555555505555055501111333333333333303333333333333333333110000000000
0000011444444444444444111110000000000001100002000000000000200001100000000000000000000000000000000000000000000000000000000000001111111111111111111111111111111111111111111151111133333333333333333333333333333331110000000000
0000011444444444444444411110000000000001100000060600000000000001100000000000000000000000000000000000000000000000000000000000000000011155555555555555555555555555555555555551111113333333333333333333333333333331110000000000
0000111444444444444444441110000000000001100000000000000000000001100000000000000000000000000000000000000000000000000000000000000000011151111111111111111111111111111111111111111111333333333333333333333333333311100000000000
0000111444444444444444444111000000000001100030000000000000000001100000000000000000000000000000000000000000000000000020000000000000011155555555555555555555555555555111111111111111133333333333033333333333333111000000000000
0001114444444444444444444411000000000001100000000060000020000001100000000000000000000000000000000000000000000000000000000000000000011111111111111111111111111111111111111111111111113333333333333333333333331111000000000000
0001114444444444444444444411000000000001100030000000080000000001100000000000000000000000000000000000000000000000000020000000000000000000000000000000000000000000000000000000000000111133333333333333333333311100000000000000
0001144444444444444444444411000000000001100000000000000000200001100000000000000000000000000000000000000000000000000000000000000000000000000000000000000000000000000000000000000000111113333333333333333311111000000000000000
0001444444444444444444444411000000000001100000300000000000000001100000000000000000000000000000000000000000000000000000000000000000000000000000000000000000000000000000000000000000001111111111333111111111111000000000000000
0011444444444444444444444410000000000001100000000000000000000001100000000000000000000000000000000000000000000000000000000000000000000000000000000000000000000000000000000000000000001111111111333111111111111100000000000000
0011444444444444444444444410000000000001100000000000000000000001100000000000000000000000000000000000000000000000002200000000000000000000000000000000000000000000000000000000000000001100011111131111111100001100000000000000
0011444444444444444444444410000000000001100000000000800000000001100000000000000000000000000000000000000000000000000020000000000000000000000000000000000000000000000000000000000000001100000000000000000000000100000000000000
0011444444444444444444444411000000000001100003060000008022000001100000000000000000000000000000000000000000000000000000000000000000000000000000000000000000000000000000000000000000001100000000000000000000000110000000000000
0011444444444444444444444411000000000001100030000000000002000001100000000000000000000000000000000000000000000000002002000000000000000000000000000000000000000000000000000000000000001000000000000000000000000010000000000000
0011444444444444444444444411000000000001100000080000000000000001100000000000000000000000000000000000000000000000000022200000000000000000000000000000000000000000000000000000000000011000000000000000000000000010000000000000
0001444444444444444444444411000000000001103000000600000000000001100000000000000000000000000000000000000000000000000022220000000000000000000000000000000000000000000000000000000000011000000000030000000000000011000000000000
0001114444444444444444444411000000000001130303000008000800000001100000000000000000000000000000000000000000000000002222222000000000000000000000000000000000000000000000000000000000011000000000000000000000000011000000000000
0000111444444444444444444411000000000001133233000000000200000001100000000000000000000000000000000000000000000000002222222200000000000000000000000000000000000000000000000000000000010000000000000000000000000001100000000000
0000111114444444444444444110000000000001133220006000000080000011100000000000000000000000000000000000000000000000222222222222000000000000000000000000000000000000000000000000000000010000000000000000000000000001100000000000
0000001111111111111111111100000000000001111220003000000000000111100000000000000000000000000000000000000000000000222222222222000000000000000000000000000000000000000000000000000000110000000000030000000000000000100000000000
0000000111111111111111111100000000000001111123330000000000001111100000000000000000000000000000000000000000000022222222222222200000000000000000000000000000000000000000000000000000110000000000000000000000000000100000000000
0000000111111111111111111000000000000001111112336000000000211111100000000000000000000000000000000000000000000220222222222222220000000000000000000000000000000000000000000000000000100000000003030000000000000000100000000000
0000000011111111111111110000000000000001111111230000000800111111100000000000000000000000000000000000000000002222222222222222222200000000000000000000000000000000000000000000000001100000000000000000000000000000010000000000
0000000000000000000000000000000000000001111111180000000081111111100000000000000000000000000000000000000000022222022222222222222220000000000000000000000000000000000000000000000001100000000000300000000000000000010000000000
0000000000000000000000000000000000000001111111100000000201111111100000000000000000000000000000000000000000222222222222222222222220000000000000000000000000000000000000000000000001100000000000000000000000000000010000000000
0000000000000000000000000000000000000001111111630000600000111111110000000000000000000000000000000000000002222222222222222222222222000000000000000000000000000000000000000000000001000000000000000000000000000000011000000000
0000000000000000000000000000000000000011111110000000000800001111111000000000000000000000000000000000000022222222222222222222222222220000000000000000000000000000000000000000000011000000000000000000000000000000011000000000
0000000000000000000000000000000000000111111100303000000000000111111100000000000000000000000000000000000222222222222222222222222222220000000000000000000000000000000000000000000011000000000000000000000000000000011000000000
0000000000000000000000000000000000001111110000080000000020000000111111000000000000000000000000000000002222222222222222222222222222222000000000000000000000000000000000000000000011000000000000000000000000000000011000000000
0000000000000000000000000000000000011111000000000000000000000000000111100000000000000000000000000000022222222222222222222222222222222200000000000000000000000000000000000000000111000000000000030000000000000000001100000000
0000000000000000000000000000000001111110000000033000080000000000000011110000000000000000000000000000222222222222222222222222222222222220000000000000000000000000000000000000000111000000000000000000000000000000001100000000
0000000000000000000000000000000011111000000066000000000000000000000000111100000000000000000000000022222222222222222222222222222222222222000000000000000000000000000000000000000111000000000000000000000000000000001100000000
0000000000000000000000000000000111110000000060000060880020000000000000111110000000000000000000000222222222222220222222222222222222222222200000000000000000000000000000000000000111000000000000300000000000000000001100000000
0000000000000000000000000000001111100000000000000000008000000000000000011111000000000000000000002222222222222222022222222222222222222222220000000000000000000000000000000000000110000000000033000000000000000000001100000000
0000000000000000000000000000011111000000000000000000000000000000000000000111100000000000000000022222222222222222222222222222222222222222222000000000000000000000000000000000000110000000000000000000000000000000001100000000
0000000000000000000000000000111110000000000000030008008000000000000000000011110000000000000000222222222222222222202222222222222222222222222200000000000000000000000000000000000110000000000000000000000000000000000110000000
0000000000000000000000000001111100000000000000020000000000000000000000000001111000000000000002222222222222222220222222222222222222222222222220000000000000000000000000000000001110000000000000000000000000000000000110000000
0000000000000000000000000111111000000000000000006000000020000000000000000000111110000000000022222222222222222222222222222222222222222222222222000000000000000000000000000000011110000000000000000000000000000000000110000000
0000000000000000000000001111110000000000000000000000000000000000000000000000011111000000000222222222222222222222222222222222222222222222222222200000000000000000000000000000011110000000000000300000000000000000000110000000
0000000000000000000000011111000000000000000000030000000200000000000000000000000111100000002222222222222222222222222222222222222222222222222222220000000000000000000000000000011110000000000000000000000000000000000111000000
0000000000000000000000111111000000000000000000300000000000000000000000000000000111110000022222222222222222222222222222222222222222222222222222222000000000000000000000000000011110000000000000000000000000000000000111000000
0000000000000000000001111110000000000000000000000300000000000000000000000000000011111100222222222222222222222222222222222222222222222222222222222200000000000000000000000000011110000000000000003000000000000000000111000000
0000000000000000000011111100000000000000000003000000220000000000000000000000000000111112222222222222222222222222222222222222222222222222222222222220000000000000000000000000011100000000000000030000000000000000000111000000
0000000000000000000111111000000000000000000060000000200000000000000000000000000000011111222222222222222222222222222222222222222222222222222222222222000000000000000000000000011100000000000000000000000000000000000111100000
0000000000000000001111110000000000000000000006003000800000000000000000000000000000001111122222222222222222222222222222222222222222222222222222222222200000000000000000000000111100000000000000000000000000000000000111100000
0000000000000000011111000000000000000000000000000000000080000000000000000000000000000011112222222222222222222222222222222222222222222222222222222222220000000000000000000000111100000000000000000000000000000000000111110000
0000000000000001111110050000000000000000000000000000020800000000000000000000000000000001111222222222222222222222222222222222222222222222222222222222222000000000000000000000111144444404444444000000000000000000000011110000
0000000000000011111150055005500000000000000000080500002000000000000000000000000000000000111122222222222222222222222222222222222222222222222222222222222200000000000000000000111444444444444444440000000000000000000011110000
0000000000000111111555555555500505500500000000600000000000000000000000000000000000000000001112222222222222222222222222222222222222222222222222222222222220000000000000000000111444444444444444444400000000000000000011110000
0000000000001111155555555555555555555550550505555505005000000000000000000000000000000000001111222222222222222222222222222222222222222222222222222222222222000000000000000000111444444444444444444400000000000000000001110000
0000000000011111555555555555555555555555555550505550550505550500505000000000000000000000000111122222222222222222222222222222222222222222222222222222222222200000000000000000111444444444444444444440000000000000000001110000
0000000000111115555555555555555555555555555555555555555555555555555555055500000005500000000011112222222222222220222222222222222222222222222222222222222222220000000000000000111444444444444444444440000000000000000001110000
0000000001111155555555555555555555555555555555555555555555555555555555555555550555500005555001111222222222222222222222222222222222222222222222222222222222222000000000000000111444444444444444444444000000000000000001110000
0000000111115555555555555555555555555555555555555555555555555555555555555555555555555555555555111122222222222220222222222222222222222222222222222222222222222200000000000001111444444444444444444444440000000000000001110000
0000011111155555555555555555555555555555555555555555555555555555555555555555555555555555555555511112222222222222222222222222222222222222222222222222222222222220000000000001111444444444444444444444440000000000000001110000
0000111111555555555555555555555555555555555555555555555555555555555555555555555555555555555555511111222222222222222222222222222222222222222222222222222222222222000000000011114444444444444444444444440000000000000001111000
0001111115555555555555555555555555555555555555555555555555555555555555555555555555555555555555551111122222222222022222222222222222222222222222222222222222222222200000000011114444444444444444444444404400000000000001111000
0011111155555555555555555555555555555555555555555555555555555555555555555555555555555555555555555111112222222222222222222222222222222222222222222222222222222222220000000011114444444444444444444444444440000000000001111000
0011111155555555555555555555555555555555555555555555555555555555555555555555555555555555555555555511111222222222222222222222222222222222222222222222222222222222222000000011114444444444444444443444444400000000000000111000
1111111555555555555555555555555555555555555555555555555555555555555555555555555555555555555555555551111122222222222222222222222222222222222222222222222222222222222200000011114444444444444444444434344440000000000000111100
1111155555555555555555555555555555555555555555555555555555555555555555555555555555555555555555555551111112222222022222222222222222222222222222222222222222222222222220000011113343433433333333334444444444000000000000111100
1111555555555555555555555555555555555555555555555555555555555555555555555555555555555555555555555555111111222222222222222222222222222222222222222222222222222222222222000011113333433333333333333344444444400000000000111100
1111555555555555555555555555555555555555555555555555555555555555555555555555555555555555555555555555511111122222222222222222222222222222222222222222222222222222222222200011113333333333333333333333343444444000000000111110
1115555555555555555555555555555555555555555555555555555555555555555555555555555555555555555555555555511111112220222222222222222222222222222222222222222222222222222222220111113333333333333333333333334434444000000000111110
1411111111111111111111111111111111111111111111111111111111111111111111111111111111111111111111111111111111111222222222222222222222222222222222222222222222222222222222224111113333333333333333333333343333444440000000111110
1111111111111111111111111111111111111111111111111111111111111111111111111111111111111111111111111111111111111122222222222222222222222222222222222222222222222222222222224111113333333333333333333333333333334344000000111111
1111111111111111111111111111111111111111111111111111111111111111111111111111111111111111111111111111111111111110222222222222222222222222222222222222222222222222222222224111113333333333333333333333333333333430000000111111
